<?xml version="1.0" encoding="UTF-8" standalone="yes"?>
<Document
	xmlns="urn:iso:std:iso:20022:tech:xsd:pain.008.001.03">
	<CstmrDrctDbtInitn>
		<GrpHdr>
			<MsgId>021/DDINP/Puleng/20211118/2971</MsgId>
			<CreDtTm>2021-11-18T10:46:53</CreDtTm>
			<NbOfTxs>3</NbOfTxs>
			<CtrlSum>12142835832</CtrlSum>
			<InitgPty>
				<Nm>puleng</Nm>
			</InitgPty>
		</GrpHdr>
		<PmtInf>
			<PmtInfId>PULENG2005</PmtInfId>
			<PmtMtd>DD</PmtMtd>
			<ReqdColltnDt>2021-11-18</ReqdColltnDt>
			<Cdtr>
				<Nm>Jensen</Nm>
				<CtctDtls>
					<PhneNb>+27-0636825482</PhneNb>
					<EmailAdr>tester.1233@obta.co.za</EmailAdr>
				</CtctDtls>
			</Cdtr>
			<CdtrAcct>
				<Id>
					<Othr>
						<Id>123456788</Id>
					</Othr>
				</Id>
			</CdtrAcct>
			<CdtrAgt>
				<FinInstnId>
					<ClrSysMmbId>
						<MmbId>632005</MmbId>
					</ClrSysMmbId>
				</FinInstnId>
			</CdtrAgt>
			<DrctDbtTxInf>
				<PmtId>
					<EndToEndId>11680410171886</EndToEndId>
				</PmtId>
				<PmtTpInf>
					<SvcLvl>
						<Prtry>AC</Prtry>
					</SvcLvl>
					<LclInstrm>
						<Prtry>10</Prtry>
					</LclInstrm>
					<SeqTp>RCUR</SeqTp>
					<CtgyPurp>
						<Prtry>0033</Prtry>
					</CtgyPurp>
				</PmtTpInf>
				<InstdAmt Ccy="ZAR">100</InstdAmt>
				<ChrgBr>SLEV</ChrgBr>
				<DrctDbtTx>
					<MndtRltdInf>
						<MndtId>0016202101224814705123</MndtId>
					</MndtRltdInf>
				</DrctDbtTx>
				<DbtrAgt>
					<FinInstnId>
						<ClrSysMmbId>
							<MmbId>632005</MmbId>
						</ClrSysMmbId>
					</FinInstnId>
				</DbtrAgt>
				<Dbtr>
					<Nm>JENSEN</Nm>
				</Dbtr>
				<DbtrAcct>
					<Id>
						<Othr>
							<Id>12345213</Id>
						</Othr>
					</Id>
					<Tp>
						<Prtry>CACC</Prtry>
					</Tp>
				</DbtrAcct>
				<RmtInf>
					<Ustrd>123456789180723542381243</Ustrd>
					<Strd>
						<RfrdDocInf>
							<RltdDt>2021-11-18</RltdDt>
						</RfrdDocInf>
					</Strd>
				</RmtInf>
			</DrctDbtTxInf>
		</PmtInf>
	</CstmrDrctDbtInitn>
</Document>